@article{journal,
  author = "B. Author",
  title = "Title of paper",
  journal = "Nucl. Sci. Eng.",
  volume = 3,
  pages = "13 -- 15",
  year = 2045,
}

@inproceedings{proc_paper,
   author = "J. E. Hoogenboom and W. R. Martin",
   title = "A Proposal for a Benchmark to Monitor the Performance of Detailed
                  Monte Carlo Calculation of Power Densities in a Full Size
                  Reactor Core",
   booktitle = "Int. Conf. Mathematics, Computational Methods, and Reactor
                  Physics",
   address = "Saratoga Springs, New York",
   month = may,
   year = 2009,
}

@book{book,
	author = "George I. Bell and Samuel Glasstone",
	title = "Nuclear Reactor Theory",
	publisher = "Van Nostrand",
	year = 1970,
	address = "Princeton, NJ"
}

@techreport{techrep,
   author = "{X-5 Monte Carlo Team}",
   title = "{MCNP} - A General {M}onte {C}arlo N-Particle Transport Code,
                  Version 5",
   institution = "Los Alamos National Laboratory",
   number = "LA-UR-03-1987",
   month = oct,
   year = 2005,
}
